@article{perez-gosende-2021,
	author = {Pérez-Gosende, Pablo and Mula, Josefa and Díaz‐Madroñero, Manuel},
	journal = {International Journal of Production Research},
	number = {12},
	pages = {3777--3816},
	title = {{Facility layout planning. An extended literature review}},
	volume = {59},
	year = {2021},
	doi = {10.1080/00207543.2021.1897176},
}

